<record><leader>00000cas a2200000 a 4500</leader><controlfield tag="001">30827306</controlfield><controlfield tag="008">940725d19791980oruwr ne      0    0eng d</controlfield><datafield ind1=" " ind2=" " tag="010"><subfield code="a">sn 96088090 </subfield></datafield><datafield ind1=" " ind2=" " tag="040"><subfield code="a">ORY</subfield><subfield code="b">eng</subfield><subfield code="c">ORY</subfield><subfield code="d">OCN</subfield><subfield code="d">OCLCQ</subfield><subfield code="d">OCLCF</subfield><subfield code="d">OCLCO</subfield></datafield><datafield ind1=" " ind2=" " tag="043"><subfield code="a">n-us-or</subfield></datafield><datafield ind1="0" ind2="0" tag="245"><subfield code="a">Sun-enterprise.</subfield></datafield><datafield ind1=" " ind2=" " tag="260"><subfield code="a">Monmouth ;</subfield><subfield code="a">Independence, Or. :</subfield><subfield code="b">C. Lockwood,</subfield><subfield code="c">1979-1980.</subfield></datafield><datafield ind1=" " ind2=" " tag="300"><subfield code="a">v.</subfield></datafield><datafield ind1=" " ind2=" " tag="310"><subfield code="a">Weekly</subfield></datafield><datafield ind1="0" ind2=" " tag="362"><subfield code="a">Vol. 97, no. 39 (May 16, 1979)-v. 98, no. 26 (Feb. 20, 1980).</subfield></datafield><datafield ind1=" " ind2="0" tag="651"><subfield code="a">Independence (Or.)</subfield><subfield code="v">Newspapers.</subfield></datafield><datafield ind1=" " ind2="0" tag="651"><subfield code="a">Monmouth (Or.)</subfield><subfield code="v">Newspapers.</subfield></datafield><datafield ind1=" " ind2="7" tag="655"><subfield code="a">Newspapers.</subfield><subfield code="2">fast</subfield><subfield code="0">(OCoLC)fst01423814</subfield></datafield><datafield ind1=" " ind2="7" tag="651"><subfield code="a">Oregon</subfield><subfield code="z">Independence.</subfield><subfield code="2">fast</subfield><subfield code="0">(OCoLC)fst01231154</subfield></datafield><datafield ind1=" " ind2="7" tag="651"><subfield code="a">Oregon</subfield><subfield code="z">Monmouth.</subfield><subfield code="2">fast</subfield><subfield code="0">(OCoLC)fst01225344</subfield></datafield><datafield ind1=" " ind2=" " tag="752"><subfield code="a">United States</subfield><subfield code="b">Oregon</subfield><subfield code="c">Polk</subfield><subfield code="d">Monmouth.</subfield></datafield><datafield ind1="0" ind2="4" tag="780"><subfield code="t">Monmouth Polk sun</subfield><subfield code="w">(DLC)sn 96088089</subfield></datafield><datafield ind1="0" ind2="4" tag="780"><subfield code="t">Independence enterprise (Independence, Or. : 1975)</subfield><subfield code="w">(DLC)sn 96088095</subfield></datafield><datafield ind1="0" ind2="0" tag="785"><subfield code="t">Monmouth &amp; Independence sun-enterprise</subfield><subfield code="w">(DLC)sn 96088091</subfield></datafield></record>